Id,Open Date,City,City Group,Type,P1,P2,P3,P4,P5,P6,P7,P8,P9,P10,P11,P12,P13,P14,P15,P16,P17,P18,P19,P20,P21,P22,P23,P24,P25,P26,P27,P28,P29,P30,P31,P32,P33,P34,P35,P36,P37,revenue
0,7/17/1999,İstanbul,Big Cities,IL,4,5,4,4,2,2,5,4,5,5,3,5,5,1,2,2,2,4,5,4,1,3,3,1,1,1,4,2,3,5,3,4,5,5,4,3,4,5653753
1,2/14/2008,Ankara,Big Cities,FC,4,5,4,4,1,2,5,5,5,5,1,5,5,0,0,0,0,0,3,2,1,3,2,0,0,0,0,3,3,0,0,0,0,0,0,0,0,6923131
2,3/9/2013,Diyarbakır,Other,IL,2,4,2,5,2,3,5,5,5,5,2,5,5,0,0,0,0,0,1,1,1,1,1,0,0,0,0,1,3,0,0,0,0,0,0,0,0,2055379
3,2/2/2012,Tokat,Other,IL,6,4.5,6,6,4,4,10,8,10,10,8,10,7.5,6,4,9,3,12,20,12,6,1,10,2,2,2.5,2.5,2.5,7.5,25,12,10,6,18,12,12,6,2675511
4,5/9/2009,Gaziantep,Other,IL,3,4,3,4,2,2,5,5,5,5,2,5,5,2,1,2,1,4,2,2,1,2,1,2,3,3,5,1,3,5,1,3,2,3,4,3,3,4316715
5,2/12/2010,Ankara,Big Cities,FC,6,6,4.5,7.5,8,10,10,8,8,8,10,8,6,0,0,0,0,0,5,6,3,1,5,0,0,0,0,7.5,5,0,0,0,0,0,0,0,0,5017319
6,10/11/2010,İstanbul,Big Cities,IL,2,3,4,4,1,5,5,5,5,5,2,5,5,3,4,4,3,4,2,4,1,2,1,5,4,4,5,1,3,4,5,2,2,3,5,4,4,5166635
7,6/21/2011,İstanbul,Big Cities,IL,4,5,4,5,2,3,5,4,4,4,4,3,4,0,0,0,0,0,3,5,2,4,2,0,0,0,0,3,2,0,0,0,0,0,0,0,0,4491607
8,8/28/2010,Afyonkarahisar,Other,IL,1,1,4,4,1,2,1,5,5,5,1,5,5,1,1,2,1,4,1,1,1,1,1,4,4,4,2,2,3,4,5,5,3,4,5,4,5,4952497
9,11/16/2011,Edirne,Other,IL,6,4.5,6,7.5,6,4,10,10,10,10,2,10,7.5,0,0,0,0,0,25,3,3,1,10,0,0,0,0,5,2.5,0,0,0,0,0,0,0,0,5444227
10,8/9/2013,Kocaeli,Other,FC,9,6,6,6,4,4,10,8,10,10,8,10,7.5,0,0,0,0,0,25,15,15,3,20,0,0,0,0,10,2.5,0,0,0,0,0,0,0,0,3745135
11,5/22/2012,İstanbul,Big Cities,IL,2,4,4,4,2,5,5,5,5,5,2,5,5,2,2,5,2,4,2,5,1,1,3,5,2,3,5,3,3,5,5,4,2,3,4,4,2,5161370
12,2/28/2013,Ankara,Big Cities,IL,2,2,4,4,2,1,5,4,5,5,3,5,5,0,0,0,0,0,3,4,1,2,2,0,0,0,0,1,3,0,0,0,0,0,0,0,0,1734634
13,10/16/2010,İstanbul,Big Cities,FC,4,5,4,4,1,3,5,5,5,5,2,5,5,0,0,0,0,0,3,4,1,2,1,0,0,0,0,3,3,0,0,0,0,0,0,0,0,4807746
14,12/29/2011,Bursa,Other,FC,2,2,4,4,1,2,5,5,5,5,2,5,5,0,0,0,0,0,3,3,1,3,2,0,0,0,0,2,3,0,0,0,0,0,0,0,0,1999097
15,2/7/2012,İstanbul,Big Cities,IL,12,7.5,6,6,2,,10,10,10,10,4,10,7.5,3,10,15,3,12,10,9,3,2,5,8,8,10,2.5,7.5,7.5,5,15,20,2,12,3,16,4,3218918
16,1/7/2000,İstanbul,Big Cities,FC,3,5,4,4,2,5,5,4,5,4,3,5,4,0,0,0,0,0,1,4,1,1,1,0,0,0,0,2,2,0,0,0,0,0,0,0,0,19696939
17,11/8/2009,İstanbul,Big Cities,FC,2,4,4,5,1,3,5,4,5,5,3,5,5,0,0,0,0,0,1,1,1,1,1,0,0,0,0,1,1,0,0,0,0,0,0,0,0,8213524
18,4/21/2012,İzmir,Big Cities,IL,4,5,4,3,1,2,5,5,5,5,2,5,5,3,2,3,2,3,4,5,1,4,2,5,3,3,3,2,3,3,5,5,4,4,4,3,2,5337526
19,8/16/2011,Sakarya,Other,IL,2,4,4,4,2,2,5,5,4,4,1,3,4,0,0,0,0,0,2,1,1,1,1,0,0,0,0,2,3,0,0,0,0,0,0,0,0,2021934
20,8/25/2010,Elazığ,Other,IL,3,4,4,4,2,2,,4,5,5,3,5,5,3,5,5,4,4,5,5,1,1,5,2,4,1,5,1,3,5,1,2,2,4,5,5,4,5525735
21,1/25/2014,İstanbul,Big Cities,FC,5,5,4,4,2,2,5,4,4,4,4,3,4,0,0,0,0,0,4,5,1,3,1,0,0,0,0,3,1,0,0,0,0,0,0,0,0,1149870
22,7/1/2006,Kayseri,Other,FC,9,6,6,6,4,6,10,10,10,10,2,10,7.5,0,0,0,0,0,15,12,3,3,10,0,0,0,0,7.5,7.5,0,0,0,0,0,0,0,0,3956086
23,6/3/2009,Sakarya,Other,FC,2,4,4,4,2,2,5,3,4,4,5,4,4,0,0,0,0,0,2,2,1,1,1,0,0,0,0,2,3,0,0,0,0,0,0,0,0,2999068
24,9/20/2009,İstanbul,Big Cities,IL,5,5,3,5,2,2,5,5,5,4,2,5,4,4,4,4,5,4,5,5,2,2,3,2,2,2,5,3,2,5,5,4,4,4,4,5,2,8904084
25,12/23/2011,Eskişehir,Other,FC,4,4,5,5,2,2,5,5,5,5,2,5,5,0,0,0,0,0,3,1,2,1,1,0,0,0,0,2,3,0,0,0,0,0,0,0,0,3778621
26,2/23/2010,Ankara,Big Cities,IL,3,5,4,5,2,3,5,3,5,4,5,5,4,3,4,4,1,4,5,5,2,3,2,2,2,2,1,3,3,5,5,4,3,3,4,3,1,2267425
27,10/9/1999,Bursa,Other,FC,4,5,4,3,1,2,5,4,4,5,4,4,5,0,0,0,0,0,5,5,5,5,5,0,0,0,0,4,3,0,0,0,0,0,0,0,0,5435276
28,1/28/1998,İstanbul,Big Cities,IL,4,5,4,4,1,3,5,5,4,4,2,4,4,3,4,4,2,4,5,5,2,4,3,5,3,4,2,4,2,3,5,5,2,3,5,4,4,4705945
29,10/13/2006,Ankara,Big Cities,FC,1,1,4,4,2,1,1,4,4,4,5,2,4,0,0,0,0,0,1,1,1,1,1,0,0,0,0,1,3,0,0,0,0,0,0,0,0,3447890
30,12/1/2008,Sakarya,Other,IL,1,1,3,3,2,1,1,5,5,5,2,5,5,0,0,0,0,0,1,1,1,1,1,0,0,0,0,1,3,0,0,0,0,0,0,0,0,3008199
31,12/31/2012,İstanbul,Big Cities,IL,4,5,4,4,1,3,5,5,5,5,2,5,5,2,3,3,1,3,4,2,1,2,1,5,2,5,2,2,3,4,3,3,2,3,4,3,3,2058644
32,1/17/2009,Şanlıurfa,Other,FC,3,4,3,4,3,,5,4,4,4,3,4,4,0,0,0,0,0,5,1,1,1,1,0,0,0,0,1,3,0,0,0,0,0,0,0,0,3261924
33,4/23/2013,Samsun,Other,FC,2,3,4,4,2,2,5,5,5,5,1,5,5,0,0,0,0,0,3,1,1,2,1,0,0,0,0,2,3,0,0,0,0,0,0,0,0,2371202
34,3/21/2012,İstanbul,Big Cities,FC,4,5,4,4,1,3,5,4,4,5,4,4,5,0,0,0,0,0,1,4,1,2,1,0,0,0,0,4,3,0,0,0,0,0,0,0,0,4100886
35,5/8/1996,Adana,Other,IL,4,5,4,3,1,2,5,4,4,5,5,4,5,2,2,4,2,4,5,5,4,3,5,3,3,3,4,3,2,4,1,3,3,3,4,3,3,3903884
36,5/9/2008,Ankara,Big Cities,FC,3,5,5,3,1,5,5,5,5,5,2,5,5,0,0,0,0,0,2,5,2,4,3,0,0,0,0,3,3,0,0,0,0,0,0,0,0,3028267
37,8/23/2010,Ankara,Big Cities,IL,2,3,4,3,1,5,5,5,5,5,1,5,5,1,1,2,1,4,1,3,1,2,5,1,1,1,1,1,3,5,5,5,3,4,4,3,1,2740687
38,1/18/2011,İstanbul,Big Cities,FC,3,5,4,4,2,5,5,4,5,4,3,5,4,0,0,0,0,0,1,4,1,1,1,0,0,0,0,2,2,0,0,0,0,0,0,0,0,5461700
39,3/28/2009,İstanbul,Big Cities,IL,4,5,4,4,2,3,5,4,4,4,4,4,4,4,4,3,3,3,3,5,1,2,2,3,3,3,1,2,2,4,1,2,2,3,4,3,2,3818055
40,2/9/2011,İstanbul,Big Cities,IL,3,5,4,4,2,2,5,1,4,4,5,2,4,4,4,4,3,3,5,5,5,1,1,5,5,5,1,3,2,5,5,3,3,3,4,3,2,6836483
41,6/1/2009,İstanbul,Big Cities,IL,4,5,5,4,1,5,5,3,4,5,5,3,5,3,4,5,5,4,5,5,5,5,5,5,3,5,1,5,1,5,5,4,3,3,4,4,1,4554237
42,9/27/2011,İstanbul,Big Cities,IL,12,7.5,6,6,4,4,,8,10,10,6,10,7.5,0,0,0,0,0,25,15,6,4,20,0,0,0,0,7.5,5,0,0,0,0,0,0,0,0,4952255
43,9/24/2009,Ankara,Big Cities,FC,2,4,5,4,1,2,5,5,5,5,2,5,5,0,0,0,0,0,1,1,1,2,1,0,0,0,0,1,3,0,0,0,0,0,0,0,0,2732645
44,10/13/2004,Ankara,Big Cities,IL,2,3,5,3,1,5,5,5,5,5,1,5,5,1,1,3,1,4,1,3,1,2,1,1,1,1,1,2,3,3,5,5,2,3,4,3,4,4264176
45,2/2/2012,Antalya,Other,FC,6,6,6,4.5,2,8,10,10,10,8,4,10,6,0,0,0,0,0,5,15,3,2,5,0,0,0,0,5,7.5,0,0,0,0,0,0,0,0,3752885
46,8/25/2011,İzmir,Big Cities,IL,3,5,5,3,1,2,5,5,5,5,2,5,5,2,2,4,2,4,2,5,2,4,2,1,1,1,4,3,3,5,5,4,2,2,4,3,3,4250758
47,12/23/2009,İzmir,Big Cities,IL,4,5,5,3,1,2,5,4,5,5,3,5,5,4,4,3,5,4,3,5,3,5,5,4,4,4,4,5,3,4,1,2,2,3,5,5,1,7865428
48,12/21/2011,Kayseri,Other,FC,4,5,4,4,2,2,5,4,4,5,4,4,5,0,0,0,0,0,5,5,3,3,5,0,0,0,0,4,3,0,0,0,0,0,0,0,0,7201784
49,4/1/2008,İstanbul,Big Cities,FC,12,7.5,6,6,2,8,10,10,10,10,4,10,7.5,0,0,0,0,0,15,3,3,3,5,0,0,0,0,7.5,7.5,0,0,0,0,0,0,0,0,8630682
50,5/1/2010,Ankara,Big Cities,IL,3,5,4,5,3,4,5,4,4,4,5,4,4,1,1,2,1,1,5,5,1,3,2,2,2,2,1,3,3,5,2,3,2,2,2,3,3,2156098
51,11/8/2011,Kastamonu,Other,IL,2,2,4,4,2,2,4,4,5,5,4,5,5,0,0,0,0,0,5,4,2,1,2,0,0,0,0,1,3,0,0,0,0,0,0,0,0,3273041
52,11/12/2013,Uşak,Other,FC,2,3,4,4,2,1,1,4,4,5,3,4,5,0,0,0,0,0,1,1,1,1,1,0,0,0,0,1,3,0,0,0,0,0,0,0,0,1763231
53,3/29/2013,Samsun,Other,FC,3,4,4,3,1,2,5,5,5,5,2,5,5,0,0,0,0,0,2,4,2,1,1,0,0,0,0,3,3,0,0,0,0,0,0,0,0,5595267
54,6/5/1999,Muğla,Other,IL,2,4,5,4,1,1,3,4,4,4,4,2,3,0,0,0,0,0,1,2,2,1,1,0,0,0,0,2,3,0,0,0,0,0,0,0,0,4651866
55,8/12/2008,İstanbul,Big Cities,FC,2,4,4,4,1,4,5,5,5,5,1,5,5,0,0,0,0,0,1,1,1,1,1,0,0,0,0,3,3,0,0,0,0,0,0,0,0,6941173
56,3/16/2013,İstanbul,Big Cities,IL,4,5,4,4,2,2,5,4,4,4,5,3,4,0,0,0,0,0,4,5,2,2,2,0,0,0,0,3,3,0,0,0,0,0,0,0,0,2390534
57,6/21/2008,Antalya,Other,FC,2,3,4,3,1,,5,5,5,5,2,5,5,0,0,0,0,0,1,2,1,1,1,0,0,0,0,3,2,0,0,0,0,0,0,0,0,3258837
58,4/11/2012,İstanbul,Big Cities,FC,3,4,4,5,2,2,5,5,5,5,2,5,5,0,0,0,0,0,1,3,1,3,1,0,0,0,0,2,3,0,0,0,0,0,0,0,0,3004429
59,12/1/2007,İstanbul,Big Cities,FC,4,5,4,4,1,3,5,5,5,5,2,5,5,0,0,0,0,0,3,3,1,3,1,0,0,0,0,2,3,0,0,0,0,0,0,0,0,3600467
60,5/1/2012,Ankara,Big Cities,IL,12,7.5,6,6,2,6,10,8,10,10,6,10,7.5,6,4,9,3,12,10,15,6,3,10,4,4,5,2.5,5,7.5,10,15,20,4,18,12,12,2,3164972
61,5/30/2008,İstanbul,Big Cities,FC,12,7.5,6,6,4,6,10,8,8,8,6,8,6,0,0,0,0,0,15,12,3,2,5,0,0,0,0,7.5,5,0,0,0,0,0,0,0,0,4350573
62,11/15/2010,Sakarya,Other,FC,2,4,4,4,2,3,5,5,5,4,2,5,4,4,1,2,2,4,3,1,1,1,1,3,3,3,1,2,3,1,1,3,2,3,1,3,3,5286212
63,8/5/2013,Kırklareli,Other,FC,2,2,4,4,3,1,4,5,5,5,2,5,5,0,0,0,0,0,2,1,1,1,1,0,0,0,0,1,3,0,0,0,0,0,0,0,0,1619683
64,7/13/1998,İstanbul,Big Cities,IL,12,7.5,6,6,2,8,10,10,10,10,4,10,7.5,15,10,15,15,12,10,9,6,3,5,10,10,12.5,5,5,7.5,20,15,25,4,24,15,20,6,2551252
65,12/21/2013,İzmir,Big Cities,FC,3,5,4,3,1,2,5,5,5,5,1,5,5,0,0,0,0,0,1,1,1,1,1,0,0,0,0,1,3,0,0,0,0,0,0,0,0,1756069
66,1/9/2010,Konya,Other,FC,2,2,4,3,1,1,1,4,5,5,3,5,5,0,0,0,0,0,4,3,1,1,2,0,0,0,0,2,3,0,0,0,0,0,0,0,0,1882131
67,3/1/2011,İstanbul,Big Cities,FC,4,5,4,5,2,4,5,4,4,4,3,3,4,0,0,0,0,0,5,5,3,5,3,0,0,0,0,5,1,0,0,0,0,0,0,0,0,4052733
68,3/16/2010,İstanbul,Big Cities,IL,2,4,3,4,2,3,5,5,5,4,1,5,4,2,2,2,1,4,2,1,1,2,1,5,3,5,5,2,3,5,5,5,4,4,4,3,4,3836721
69,8/30/2011,Konya,Other,IL,2,2,4,5,4,2,5,5,5,5,1,5,5,0,0,0,0,0,3,1,1,2,1,0,0,0,0,2,3,0,0,0,0,0,0,0,0,3452382
70,11/27/2006,İstanbul,Big Cities,FC,4,5,4,4,1,4,5,5,5,5,2,5,5,0,0,0,0,0,3,5,1,4,2,0,0,0,0,3,3,0,0,0,0,0,0,0,0,3982767
71,12/6/2006,İstanbul,Big Cities,IL,12,7.5,6,6,2,10,10,10,10,10,4,10,7.5,9,8,12,3,12,10,9,6,3,5,8,8,10,10,10,7.5,5,6,10,6,18,12,12,6,4136425
72,8/5/2009,İzmir,Big Cities,IL,3,5,4,4,2,2,5,3,4,5,5,4,5,3,2,3,1,4,4,5,5,3,5,5,2,5,3,5,1,4,3,3,2,3,4,3,1,2525375
73,10/4/2011,Ankara,Big Cities,FC,4,5,4,5,2,2,5,3,4,5,5,4,5,0,0,0,0,0,5,5,5,5,5,0,0,0,0,5,0,0,0,0,0,0,0,0,0,3347767
74,12/1/2011,İstanbul,Big Cities,IL,12,7.5,6,6,2,8,10,8,8,8,8,8,6,12,10,12,9,9,20,15,6,4,25,10,8,10,2.5,12.5,2.5,20,9,15,4,12,12,12,4,5500818
75,10/15/2005,İstanbul,Big Cities,FC,5,5,4,5,1,4,5,3,4,4,5,3,4,0,0,0,0,0,5,5,5,5,4,0,0,0,0,5,0,0,0,0,0,0,0,0,0,16549064
76,11/25/2008,İstanbul,Big Cities,FC,2,2,4,4,2,2,5,5,5,5,2,5,5,0,0,0,0,0,3,4,1,2,1,0,0,0,0,2,3,0,0,0,0,0,0,0,0,4590423
77,10/25/2013,Ankara,Big Cities,FC,3,5,3,5,3,4,5,4,4,4,5,4,4,0,0,0,0,0,5,5,1,3,1,0,0,0,0,3,2,0,0,0,0,0,0,0,0,1904842
78,9/29/2012,Ankara,Big Cities,IL,9,7.5,6,7.5,8,6,10,10,8,8,4,6,6,3,2,9,3,12,25,12,6,2,10,4,4,5,2.5,7.5,2.5,20,9,20,4,18,12,12,2,3871344
79,1/25/2010,Adana,Other,IL,4,5,4,3,1,3,5,5,5,5,1,5,5,2,2,4,2,4,3,3,1,4,4,3,3,3,2,2,3,4,5,5,3,3,4,4,3,6313221
80,10/16/2009,İstanbul,Big Cities,FC,4,5,4,5,1,3,5,5,5,5,2,5,5,0,0,0,0,0,3,5,2,5,3,0,0,0,0,5,1,0,0,0,0,0,0,0,0,3727364
81,12/16/2005,İstanbul,Big Cities,FC,2,4,4,4,1,3,5,4,5,5,3,5,5,0,0,0,0,0,2,4,2,2,1,0,0,0,0,2,3,0,0,0,0,0,0,0,0,4066618
82,2/23/2010,Karabük,Other,FC,2,2,4,3,2,1,,4,5,5,5,5,5,0,0,0,0,0,5,4,2,2,2,0,0,0,0,2,3,0,0,0,0,0,0,0,0,3807496
83,8/12/1998,İstanbul,Big Cities,IL,2,4,4,4,2,5,5,4,5,4,3,5,4,4,4,5,5,5,2,4,1,2,1,5,5,5,1,2,3,5,5,5,3,4,4,5,3,5966193
84,10/9/2009,İzmir,Big Cities,IL,4,4,5,3,1,3,5,5,5,5,2,5,5,3,2,4,1,4,1,3,2,2,3,3,2,3,5,2,3,4,3,3,2,4,4,3,1,4250553
85,1/7/2000,İstanbul,Big Cities,FC,3,5,4,4,2,5,5,4,5,4,3,5,4,0,0,0,0,0,1,4,1,1,1,0,0,0,0,2,3,0,0,0,0,0,0,0,0,7495092
86,7/26/2011,Bursa,Other,FC,3,3,4,4,2,,,4,5,5,3,5,5,0,0,0,0,0,3,5,1,3,2,0,0,0,0,2,3,0,0,0,0,0,0,0,0,3351383
87,2/11/2008,İstanbul,Big Cities,FC,5,5,4,4,1,3,5,5,4,4,2,4,4,0,0,0,0,0,5,5,3,4,2,0,0,0,0,5,2,0,0,0,0,0,0,0,0,5906596
88,7/10/2013,Antalya,Other,FC,1,2,5,4,1,2,1,4,5,5,3,5,5,0,0,0,0,0,1,1,1,1,1,0,0,0,0,1,2,0,0,0,0,0,0,0,0,2025297
89,5/11/2009,İstanbul,Big Cities,IL,1,1,4,3,1,2,1,5,5,5,1,5,5,1,1,1,1,1,2,1,1,1,1,1,1,1,5,1,3,5,4,4,3,3,4,2,3,2364478
90,8/8/2013,İstanbul,Big Cities,FC,12,7.5,6,6,2,8,10,10,8,8,4,8,6,0,0,0,0,0,15,9,3,3,5,0,0,0,0,5,7.5,0,0,0,0,0,0,0,0,3426169
91,6/20/2007,Bursa,Other,IL,3,5,4,4,1,2,5,5,5,5,1,5,5,0,0,0,0,0,3,2,1,2,2,0,0,0,0,1,3,0,0,0,0,0,0,0,0,2083447
92,11/1/2002,İstanbul,Big Cities,FC,12,7.5,7.5,6,2,10,10,8,8,10,8,8,7.5,0,0,0,0,0,25,15,6,3,25,0,0,0,0,10,7.5,0,0,0,0,0,0,0,0,6782425
93,10/14/2012,Tekirdağ,Other,IL,3,4,4,4,1,2,5,4,4,5,4,4,5,5,5,3,2,4,3,5,1,3,1,2,2,2,1,2,2,3,1,4,3,4,5,5,3,3410878
94,8/8/2011,Samsun,Other,FC,2,3,4,4,2,2,5,5,5,5,1,5,5,3,2,4,1,3,3,2,1,2,1,5,1,2,5,1,3,4,4,3,4,4,4,3,5,3753720
95,6/8/2012,Samsun,Other,FC,2,4,4,4,2,2,5,5,5,5,2,5,5,0,0,0,0,0,1,1,1,1,1,0,0,0,0,1,3,0,0,0,0,0,0,0,0,1270499
96,11/27/2011,Diyarbakır,Other,FC,4,5,2,4,2,2,5,4,4,4,3,4,4,0,0,0,0,0,3,2,1,2,3,0,0,0,0,2,2,0,0,0,0,0,0,0,0,6412623
97,1/26/2009,İstanbul,Big Cities,FC,3,5,4,4,1,4,5,4,5,4,4,5,4,0,0,0,0,0,4,5,2,4,5,0,0,0,0,5,1,0,0,0,0,0,0,0,0,6694797
98,3/11/2011,Denizli,Other,FC,3,4,4,4,1,2,5,2,4,5,5,4,5,0,0,0,0,0,3,5,1,3,1,0,0,0,0,2,3,0,0,0,0,0,0,0,0,2344689
99,12/18/1999,İstanbul,Big Cities,IL,4,5,4,4,2,4,5,4,4,4,5,3,4,5,5,5,5,5,5,5,5,3,1,5,5,5,1,5,1,5,5,4,2,5,5,5,3,13575224
100,9/21/2007,İstanbul,Big Cities,FC,3,5,4,4,2,5,5,5,5,5,2,5,5,0,0,0,0,0,4,5,2,2,1,0,0,0,0,4,3,0,0,0,0,0,0,0,0,9652350
101,9/9/2012,Balıkesir,Other,IL,3,4,5,4,2,2,5,4,5,5,4,5,5,5,4,5,5,4,5,5,4,2,5,1,1,1,0,2,3,5,5,5,5,4,5,5,4,4758476
102,9/11/2004,Diyarbakır,Other,FC,4,5,2,5,2,2,5,4,4,4,3,4,4,0,0,0,0,0,4,4,1,2,3,0,0,0,0,1,3,0,0,0,0,0,0,0,0,2738052
103,12/6/2011,Tekirdağ,Other,FC,2,4,4,4,1,2,5,5,5,5,2,5,5,0,0,0,0,0,2,3,1,2,1,0,0,0,0,2,2,0,0,0,0,0,0,0,0,4429512
104,1/22/2007,Adana,Other,IL,4,5,4,3,1,3,5,5,5,5,2,5,5,1,2,2,1,3,2,5,1,3,4,1,1,4,3,2,3,5,5,3,3,5,4,3,2,4467728
105,3/15/2008,Aydın,Other,FC,1,2,5,3,1,2,1,5,5,5,1,5,5,0,0,0,0,0,1,1,1,1,1,0,0,0,0,1,2,0,0,0,0,0,0,0,0,2792031
106,6/15/2008,Antalya,Other,FC,3,3,6,6,4,2,2,8,10,10,6,10,7.5,0,0,0,0,0,5,3,3,1,5,0,0,0,0,2.5,7.5,0,0,0,0,0,0,0,0,4888774
107,5/1/2011,Samsun,Other,IL,4,4,4,4,1,2,5,4,5,5,3,5,5,3,5,5,3,4,5,5,3,3,5,2,2,2,3,3,1,5,5,5,3,4,4,4,3,3248660
108,7/9/2012,Muğla,Other,FC,1,2,5,4,1,2,1,5,4,4,2,4,3,0,0,0,0,0,1,1,1,1,1,0,0,0,0,2,3,0,0,0,0,0,0,0,0,3570392
109,8/25/2007,Ankara,Big Cities,FC,2,4,3,5,4,5,5,4,4,4,5,4,4,0,0,0,0,0,1,2,1,1,1,0,0,0,0,3,2,0,0,0,0,0,0,0,0,4219263
110,9/26/2012,Amasya,Other,IL,6,3,6,6,4,4,10,8,10,10,6,10,7.5,9,8,12,3,12,10,12,6,1,10,2,2,2.5,2.5,5,7.5,15,3,15,6,18,12,16,6,2954086
111,8/10/2012,Kütahya,Other,FC,2,3,4,4,2,1,5,5,5,5,1,5,5,0,0,0,0,0,1,1,1,1,1,0,0,0,0,2,3,0,0,0,0,0,0,0,0,2993069
112,3/14/1998,İstanbul,Big Cities,IL,4,5,5,4,1,5,5,5,4,4,2,4,4,3,4,2,1,4,2,3,2,2,1,3,3,4,5,3,3,3,2,1,2,2,1,3,3,3784230
113,12/9/2006,Tekirdağ,Other,FC,3,4,4,4,1,2,5,5,5,5,2,5,5,0,0,0,0,0,2,3,1,2,1,0,0,0,0,2,2,0,0,0,0,0,0,0,0,2097022
114,12/6/2008,Eskişehir,Other,IL,4,5,5,4,2,2,5,4,5,5,3,5,5,3,4,3,1,3,5,5,4,5,5,3,3,3,2,4,1,5,3,3,2,3,4,3,1,4155435
115,5/4/2012,İstanbul,Big Cities,IL,6,4.5,6,6,4,8,10,10,10,10,4,10,7.5,6,4,12,6,12,5,9,3,2,5,8,8,10,12.5,5,7.5,25,15,25,4,18,12,16,8,4882985
116,3/30/2012,İzmir,Big Cities,FC,2,4,4,4,2,2,5,4,4,5,3,4,5,0,0,0,0,0,2,2,1,1,1,0,0,0,0,3,3,0,0,0,0,0,0,0,0,8894598
117,12/27/2005,Ankara,Big Cities,IL,3,5,4,5,3,3,5,4,4,5,4,2,5,1,3,3,1,4,5,5,4,2,2,1,1,1,1,3,1,3,3,3,2,3,4,3,1,2018785
118,12/25/2009,İstanbul,Big Cities,IL,12,7.5,7.5,4.5,2,10,10,10,10,10,4,10,7.5,3,4,9,3,3,10,15,3,4,5,6,4,7.5,5,10,5,25,6,10,4,18,12,12,2,1847826
119,1/3/2014,İstanbul,Big Cities,IL,4,5,4,4,2,3,5,5,5,5,1,5,5,0,0,0,0,0,2,2,2,1,1,0,0,0,0,2,3,0,0,0,0,0,0,0,0,3780019
120,8/18/2011,Aydın,Other,FC,2,3,4,4,2,2,5,4,5,5,3,5,5,0,0,0,0,0,5,4,2,2,3,0,0,0,0,2,3,0,0,0,0,0,0,0,0,4067566
121,11/13/2004,İzmir,Big Cities,FC,2,4,4,4,2,3,5,5,5,4,2,5,4,0,0,0,0,0,2,2,1,1,1,0,0,0,0,2,3,0,0,0,0,0,0,0,0,3445076
122,4/10/1997,İstanbul,Big Cities,IL,12,7.5,6,7.5,2,8,10,8,8,8,10,6,6,15,8,12,6,9,25,15,9,5,15,6,10,10,5,12.5,2.5,25,15,25,6,18,3,16,6,4286645
123,11/5/2011,Bolu,Other,FC,1,1,4,3,1,1,1,4,5,5,3,5,5,0,0,0,0,0,1,1,1,1,1,0,0,0,0,2,3,0,0,0,0,0,0,0,0,4263629
124,8/18/2005,Ankara,Big Cities,DT,1,3,0,5,5,5,1,5,5,5,2,5,5,0,0,0,0,0,1,2,2,1,2,0,0,0,0,2,3,0,0,0,0,0,0,0,0,3810007
125,9/1/2010,Trabzon,Other,IL,9,6,6,6,4,6,10,6,8,10,10,8,7.5,9,10,15,3,12,15,15,9,2,25,6,4,7.5,2.5,5,7.5,20,9,15,4,24,12,16,2,4780607
126,7/20/2008,Isparta,Other,IL,3,3,4,4,2,2,5,4,5,5,3,5,5,1,5,4,2,4,5,5,2,1,4,3,3,3,2,2,3,5,5,5,4,2,5,3,2,4015749
127,9/7/2007,Bursa,Other,FC,3,4,4,4,2,2,5,5,5,5,1,5,5,0,0,0,0,0,3,2,1,2,1,0,0,0,0,3,3,0,0,0,0,0,0,0,0,7592272
128,10/14/2011,Ankara,Big Cities,FC,2,4,4,4,1,2,5,5,5,5,1,5,5,0,0,0,0,0,1,1,1,1,1,0,0,0,0,3,2,0,0,0,0,0,0,0,0,2383840
129,2/8/2007,Eskişehir,Other,FC,4,5,5,4,2,2,5,4,5,5,3,5,5,0,0,0,0,0,5,5,4,5,5,0,0,0,0,4,1,0,0,0,0,0,0,0,0,3939804
130,10/29/2011,Osmaniye,Other,FC,3,4,3,4,2,1,5,5,5,5,2,5,5,0,0,0,0,0,3,1,1,1,1,0,0,0,0,2,3,0,0,0,0,0,0,0,0,3376145
131,11/6/2002,Ankara,Big Cities,FC,3,4,4,5,3,4,5,4,4,4,5,4,4,0,0,0,0,0,4,5,1,2,1,0,0,0,0,3,2,0,0,0,0,0,0,0,0,3199619
132,6/25/2008,Trabzon,Other,FC,2,3,3,5,4,2,4,4,4,4,4,4,4,0,0,0,0,0,4,3,2,1,1,0,0,0,0,2,3,0,0,0,0,0,0,0,0,5787594
133,10/12/2006,İzmir,Big Cities,FC,4,5,4,4,2,3,5,4,4,5,5,4,5,0,0,0,0,0,3,2,2,1,1,0,0,0,0,3,3,0,0,0,0,0,0,0,0,9262754
134,7/8/2006,Kayseri,Other,FC,3,4,4,4,2,3,5,5,5,5,1,5,5,0,0,0,0,0,2,3,1,2,2,0,0,0,0,2,3,0,0,0,0,0,0,0,0,2544857
135,10/29/2010,İstanbul,Big Cities,FC,4,5,4,5,2,2,5,5,5,5,2,5,5,0,0,0,0,0,1,1,1,1,1,0,0,0,0,3,3,0,0,0,0,0,0,0,0,7217634
136,9/1/2009,İstanbul,Big Cities,FC,4,5,3,5,2,2,5,4,4,5,4,4,5,0,0,0,0,0,2,1,1,1,1,0,0,0,0,3,3,0,0,0,0,0,0,0,0,6363241
